@misc{feenstra2004export,
  title={Export variety and country productivity},
  author={Feenstra, Robert C and Kee, Hiau Looi},
  year={2004},
  publisher={National Bureau of Economic Research Cambridge, Mass., USA}
}

@article{article,
author = {Aksoy, M. and Beghin, John},
year = {2005},
month = {02},
pages = {},
title = {Global Agricultural Trade and Developing Countries}
}

@article{zahler2007decomposing,
  title={Decomposing world export growth and the relevance of new destinations},
  author={Zahler, Andres},
  year={2007}
}

 @araştırma makalesi { jss418935,
	journal = {Gaziantep University Journal of Social Sciences},
	issn = {1303-0094},
	eissn = {2149-5459},
	address = {Gaziantep Üniversitesi Yerleşkesi Şehitkamil-Gaziantep},
	publisher = {Gaziantep Üniversitesi},
	year = {2019},
	volume = {18},
	number = {3},
	pages = {1175 - 1193},
	doi = {10.21547/jss.418935},
	title = {Türkiye’de İhracat, İthalat ve Ekonomik Büyüme İlişkisi: ARDL Sınır Testi Yaklaşımı},
	key = {cite},
	author = {Yenisu,  Ersin}
}
